<record><leader>00000cas a2200000 a 4500</leader><controlfield tag="001">37746467</controlfield><controlfield tag="008">971007c19979999iaudn ne      0   a0eng c</controlfield><controlfield tag="009">1173</controlfield><datafield ind1=" " ind2=" " tag="010"><subfield code="a">sn 97002217 </subfield></datafield><datafield ind1=" " ind2=" " tag="040"><subfield code="a">IWA</subfield><subfield code="b">eng</subfield><subfield code="c">IWA</subfield><subfield code="d">NSD</subfield><subfield code="d">OCLCG</subfield><subfield code="d">OCLCQ</subfield></datafield><datafield ind1=" " ind2=" " tag="012"><subfield code="m">y</subfield></datafield><datafield ind1="1" ind2=" " tag="022"><subfield code="a">1096-8202</subfield><subfield code="l">1096-8202</subfield><subfield code="y">0893-7915</subfield><subfield code="2">1</subfield></datafield><datafield ind1=" " ind2=" " tag="032"><subfield code="a">024200</subfield><subfield code="b">USPS</subfield></datafield><datafield ind1=" " ind2=" " tag="042"><subfield code="a">nsdp</subfield><subfield code="a">pcc</subfield></datafield><datafield ind1="0" ind2=" " tag="130"><subfield code="a">Tribune (Ames, Iowa)</subfield></datafield><datafield ind1=" " ind2="4" tag="222"><subfield code="a">The tribune</subfield><subfield code="b">(Ames, Iowa)</subfield></datafield><datafield ind1="0" ind2="4" tag="245"><subfield code="a">The tribune.</subfield></datafield><datafield ind1=" " ind2=" " tag="260"><subfield code="a">Ames, Iowa :</subfield><subfield code="b">Partnership Press,</subfield><subfield code="c">[1997-</subfield></datafield><datafield ind1=" " ind2=" " tag="300"><subfield code="a">v.</subfield></datafield><datafield ind1=" " ind2=" " tag="310"><subfield code="a">Daily except Sunday</subfield></datafield><datafield ind1="0" ind2=" " tag="362"><subfield code="a">Vol. 130, no. 81 (Oct. 6, 1997)-</subfield></datafield><datafield ind1=" " ind2=" " tag="500"><subfield code="a">"Mid-Iowa's Pulitzer Prize-winning daily newspaper."</subfield></datafield><datafield ind1=" " ind2=" " tag="500"><subfield code="a">Editor: Michael Gartner.</subfield></datafield><datafield ind1="1" ind2=" " tag="700"><subfield code="a">Gartner, Michael,</subfield><subfield code="d">1938-</subfield></datafield><datafield ind1=" " ind2=" " tag="752"><subfield code="a">United States</subfield><subfield code="b">Iowa</subfield><subfield code="c">Story</subfield><subfield code="d">Ames.</subfield></datafield><datafield ind1="0" ind2="0" tag="780"><subfield code="t">Daily tribune (Ames, Iowa)</subfield><subfield code="x">0893-7915</subfield><subfield code="w">(DLC)sn 87057277</subfield></datafield><datafield ind1="7" ind2=" " tag="856"><subfield code="3">Cyclone sports coverage and discussion groups:</subfield><subfield code="u">http://www.amestrib.com/</subfield><subfield code="2">http</subfield></datafield></record>